<?xml version="1.0" encoding="UTF-8"?><record xmlns="http://www.loc.gov/MARC21/slim" xmlns:cinclude="http://apache.org/cocoon/include/1.0" xmlns:zs="http://www.loc.gov/zing/srw/">
  <leader>00681cz  a2200193n  4500</leader>
  <controlfield tag="001">n  98022998 </controlfield>
  <controlfield tag="003">DLC</controlfield>
  <controlfield tag="005">19980310161938.3</controlfield>
  <controlfield tag="008">980310n| acaaaaaa|          |a ana |||  </controlfield>
  <datafield tag="010" ind1=" " ind2=" ">
    <subfield code="a">n  98022998 </subfield>
  </datafield>
  <datafield tag="040" ind1=" " ind2=" ">
    <subfield code="a">DLC</subfield>
    <subfield code="c">DLC</subfield>
    <subfield code="d">DLC</subfield>
  </datafield>
  <datafield tag="130" ind1=" " ind2="0">
    <subfield code="a">Studia i materiały (Uniwersytet Marii Curie-Skłodowskiej. Instytut Ekonomii)</subfield>
  </datafield>
  <datafield tag="410" ind1="2" ind2="0">
    <subfield code="a">Uniwersytet Marii Curie-Skłodowskiej.</subfield>
    <subfield code="b">Instytut Ekonomii.</subfield>
    <subfield code="t">Studia i materiały</subfield>
  </datafield>
  <datafield tag="642" ind1=" " ind2=" ">
    <subfield code="a">t. 8</subfield>
    <subfield code="5">DLC</subfield>
  </datafield>
  <datafield tag="643" ind1=" " ind2=" ">
    <subfield code="a">Lublin</subfield>
    <subfield code="b">Wydawn. Uniwersytetu Marii Curie-Skłodowskiej</subfield>
  </datafield>
  <datafield tag="644" ind1=" " ind2=" ">
    <subfield code="a">f</subfield>
    <subfield code="5">DLC</subfield>
  </datafield>
  <datafield tag="645" ind1=" " ind2=" ">
    <subfield code="a">t</subfield>
    <subfield code="5">DLC</subfield>
  </datafield>
  <datafield tag="646" ind1=" " ind2=" ">
    <subfield code="a">s</subfield>
    <subfield code="5">DLC</subfield>
  </datafield>
  <datafield tag="670" ind1=" " ind2=" ">
    <subfield code="a">Handel zagraniczny Polski i powiązania gospodarcze ze światem,1994:</subfield>
    <subfield code="b">t.p. (Studia i materiały)</subfield>
  </datafield>
</record>